@article{tsakirisanalysis,
  title = {Analysis of hydrogen fuel cell and battery efficiency},
  author = {Tsakiris, Aristeidis},
  year = {2019},
  url = {https://c2e2.unepdtu.org/wp-content/uploads/sites/3/2019/09/analysis-of-hydrogen-fuel-cell-and-battery.pdf}
}

@article{lucia2014overview,
  doi = {10.1016/j.rser.2013.09.025},
  url = {https://doi.org/10.1016/j.rser.2013.09.025},
  title={Overview on fuel cells},
  author={Lucia, Umberto},
  journal={Renewable and Sustainable Energy Reviews},
  volume={30},
  pages={164--169},
  year={2014},
  publisher={Elsevier}
}

@article{thomas2009comparison,
  title = {Fuel Cell and Battery Electric Vehicles Compared},
  author = {Thomas, C E},
  year = {2009},
  url = {https://www.energy.gov/sites/prod/files/2014/03/f9/thomas_fcev_vs_battery_evs.pdf}
}

@article{ritchie2020emissions,
  title = {CO2 emissions},
  author = {Richie, Hannah and Roser, Max},
  year = {2019},
  publisher = {OurWorldInData.org},
  url = {https://ourworldindata.org/co2-emissions}
}
